Record 1
LDR  01084cam  2200277   45  
001  14430150-B
005  19910823000000.0
008  800305s1961    it       b    00100 ger  
010       $a 62035202
040       $c CBGTU $d CBGTU
100  1    $a Mainka, Rudolf M.
245  10   $a Zinovij von Oten'; $b ein russischer Polemiker und Theologe der Mitte des 16. Jahrhunderts.
260  0    $a Roma, $b Pont. Institutum Orientalium Studiorum, $c 1961.
300       $a xvi, 226 p. $c 24 cm.
490  1    $a Orientalia Christiana analecta ; $v 160.
500       $a GTU: REC ID IN 901 $a IS 8 CHARS LONG - DROP FINAL CHECK CHAR & OUTPUT 7 DIGIT ID IN OUTPUT 901 $b; OUTPUT "GTB" IN 901 $a (04/02).
500       $a 902 FLD BEGINS "19" - ADD "19" TO BEGINNING OF 902 & OUTPUT IN 005 IN MARC 21 STANDARD FORMAT.
500       $a Includes indexes.
504       $a Bibliography: p. [xiii]-xvi.
600  00   $a Zinoviæi, $c Otenskiæi, $d d. 1568.
830   0   $a Orientalia Christiana analecta ; $v 160.
901       $a GTUb11500001 $b gtu   $c -
902       $a 920401
920       $a BX101 $b .O7 no.160 $l gtu
998       $s 9116
999       $b 2 $c 920207 $d m $e a $g 0

Record 2
