LDR  01382cas  2200361   45  
001  010-S
005  19910823000000.0
008  800801c19539999gw ar p      ü1bhuü0gerüa
010       $a 57046675 //r67
040       $c CBGTU $d CBGTU
043       $a ee-----
111  2    $a Kongress Kirche in Not.
245  10   $a Kirche in Not.
260  00   $a Kèonigstein/Ts., $b Ostpriesterhilfe $c [1953-
300       $a v. $c 21 cm.
362  0    $a 1-
500       $a GTU PE: OUTPUT 852'S FROM 1ST 920; OUTPUT CALL NUM FROM 1ST 920 $a $b TO 852 $h $i FOR ALL 852'S (04/02).
500       $a OUTPUT HOLDINGS FROM 1ST VALID $b IN 1ST 950 TO 852 $3 OF 1ST 852; OUTPUT DEFAULT HOLDINGS NOTE IN 852 $3 OF ALL OTHER 852'S.
500       $a Proceedings of the 1st and 3rd congresses (1951,1954) not published.
500       $a Each vol. has also distinctive title.
555       $a Vols. 1-10 öiön v. 10.
610  20   $a Catholic Church $z Europe, Eastern $x Congresses.
650   0   $a Persecution $z Europe, Eastern $x Congresses.
901       $a GTUb11552761 $b gtu   $c -
902       $a 930317
920       $a BR738.6 (1ST 920) $b .K6 $l gtu $l grar $l gper
920       $u v.39 (2ND 920) $l grar(2ND 920)
920       $a BR738.6 (3RD 920) $b .K6 $u v.38 1990 $l garc(3RD 920)
920       $u v.37 1990 (4TH 920) $l gper(4TH 920)
950       $b 1ST 950$b $b *** GTU has v.1- (2ND 950 $b) $b 3RD 950$b
950       $b v.4(2ND 950)-
998       $s 9116
999       $b 1 $c 920207 $d s $e a $g 0

Record 3
