LDR  00744cam  2200205   45  
001  14430932-B
005  19910823000000.0
008  800305s1974    ja c          00000 eng d
040       $a CBGTU $c CBGTU
245  00   $a Experiences of members in the Divine Light Program.
260  0    $a Atami, Japan : $b Church of World Messianity, $c c1974.
300       $a 224 p. : $b ports. ; $c 21 cm.
500       $a GTU: 3 LOCS IN 1ST 920 WITH COPY INFO IN PARENS; REMOVE COPY INFO & OUTPUT IN 3 852'S.  920 HAS $a ONLY - OUTPUT AS 852 $j FOR ALL LOCS (04/02).
610  20   $a Sekai Kyåuseikyåo.
710  20   $a Sekai Kyåuseikyåo.
901       $a GTUb11500025 $b gtu   $c -
902       $a 920401
920       $a BL2228.S43.E9 $l (2)gtu $l (3)gref $l (2)grar
998       $s 9116
999       $b 1 $c 920207 $d m $e a $g 0

Record 5
