LDR  01268cam  2200289 i 45  
001  14431246-B
005  19910823000000.0
008  800305s1974    dcu      b    00010 eng d
040       $a CBGTU $c CBGTU
041  1    $a englat
043       $a a-is---
110  2    $a Catholic Church. $b Pope (1963-1978 : Paul VI)
240  10   $a Nobis in animo. $l English.
245  10   $a Apostolic exhortation of his Holiness Paul VI to the bishops, clergy and faithful of the world concerning the increased needs of the Church in the Holy Land.
260  0    $a Washington : $b Publications Office, United States Catholic Conference, $c 1974.
300       $a 9 p. ; $c 22 cm.
500       $a GTU: CALL NUMBER IN 920 $a $a $b; OUTPUT IN SINGLE 852 $j (04/02).
504       $a Includes bibliographical references.
650   0   $a Christianity $z Israel.
710  20   $a Catholic Church. $b Pope (1963-1978 : Paul VI). $t Church in the Holy Land.
710  20   $a Catholic Church. $b Pope (1963-1978 : Paul VI). $t Concerning the increased needs of the church in the Holy Land.
710  20   $a Catholic Church. $b Pope (1963-1978 : Paul VI). $t Apostolic exhortation.
901       $a GTUb11500037 $b gtu   $c -
902       $a 920401
920       $a BR1110 (1ST $a) $a .P10 (2ND $a) $b .C3 ($b) $l gtu $l grar
998       $s 9116
999       $b 1 $c 920207 $d m $e a $g 0

Record 7
