LDR  00963cas  2200301   45  
001  013-S
005  19910823000000.0
008  801201c19689999tnuuu         ü  ü 0eng  
010       $a 76008149 //r712
022       $a 0091-8326
042       $a lc $a nsdp
110  2    $a United Methodist Church (U.S.). $b Program Council.
222  00   $a Book of resolutions of the United Methodist Church.
245  14   $a The book of resolutions of the United Methodist Church.
260  00   $a Nashville, $b United Methodist Pub. House [etc.]
300       $a v. $c 22 cm.
362  0    $a 1968-
500       $a GTU: NO CALL NUMBER IN 1ST 920, DO NOT OUTPUT ANY CALL NUM (04/02).
650   0   $a Church and social problems $x United Methodist Church (U.S.)
901       $a GTUb11552797 $b gtu   $c -
902       $a 930301
920       $l grar $l gref $u 1984
920       $a BX8382.2.A1 (2ND 920) $b U56 $l gtu
920       $u 1980
920       $u 1968
950       $b GTU has 1968, 1980-
998       $s 9110
999       $b 1 $c 920207 $d s $e a $g 4

Record 8
