LDR  01186cas  2200313   45  
001  023-S
005  19910823000000.0
008  800702c19769999abczx     b   0uaua0eng d
022  0    $a 0702-8245
040       $a CBGTU $c CBGTU
245  00   $a Ugaritic studies.
260  0    $a Calgary, Alta. : $b Dept. of Religious Studies, University of Calgary, $c 1976-
265       $a Dean's Office, Faculty of Humanities, University of Calgary, Calgary, Alta., Canada T 2 N 1N4.
300       $a v. ; $c 28 cm.
362  0    $a [1] (1976)-
500       $a GTU: CALL NUM IN 1ST 920 HAS SUFFIX - OUTPUT AS 852 $m FOR ALL 852'S. NO HOLDINGS INFO IN 950, OUTPUT DEFAULT HOLDINGS FOR ALL 852'S (04/02).
570       $a Editor: P. C. Craigie.
650   0   $a Ugaritic philology $x Periodicals.
651   0   $a Ugarit (Extinct city) $x Periodicals.
710  21   $a Canadian Society of Biblical Studies.
710  21   $a Society of Biblical Literature.
730  00   $a Newsletter for Ugaritic studies.
901       $a GTUb11552839 $b gref  $c -
902       $a 930216
920       $a DS99.R3 SIZE 9 $b U35 $l gref $l sarc $l gtu
920       $a TT99.R3 SIZE t (2ND 920) $b U35 $l gref
950       $b NO VALID HOLDINGS INFO
998       $s 9616
999       $b 1 $c 920207 $d s $e a $g 0

Record 9
