LDR  01435cas  2200349   45  
001  0511-S
005  19910823000000.0
008  810205c19429999nyuuu         0uuua0eng  
010       $a 57009125
022       $a 0070-5101
040       $c DI $d NIC $d CU-CU $d CBGTU
043       $a n-us---
222  00   $a Directory of American scholars.
245  00   $a Directory of American scholars.
260  00   $a New York, [etc.] $b R. R. Bowker, Co. [etc.]
300       $a v. $c 26-29 cm.
362  0    $a [1st]-   ed; 1942-
500       $a GTU PE: 950 $B HAS BOTH HOLDINGS & "CURRENT" NOTE; IN 1ST 852, DO NOT OUTPUT $m "CURRENT" NOTE, DO OUTPUT 852 $3; OUTPUT DEFAULT HOLDINGS IN 852 $3 FOR ALL OTHER 852'S (04/02).
550  1    $a Published 1963-1969 with the cooperation of the American Council of Learned Societies.
570       $a Editor: 1942-1957 J. Cattell.
650   0   $a Scholars $z United States $x Directories.
650   0   $a Theologians $z United States $x Directories.
700  11   $a Cattell, Jaques, $d 1904-1960, $e ed.
901       $a GTUb11553285 $b multi $c -
902       $a 920804
920       $a LA2311 $b .C32 SIZE 2 $l gref $l sref
920       $a LA2311 $b .C32
920       $a LA2311 $b .C32
950       $b GTU has v.4: Philosophy, religion and law. 7th ed. Current vol. only retained. $b GTU-S has v.4, 6th ed
950       $b GTU has v.5:  LATEST VOL. only retained. 2ND 950 - DO NOT OUTPUT. $b GTU-S has v.5, 6th ed. 2ND 950 - DO NOT OUTPUT
998       $s 9111
999       $b 2 $c 920207 $d s $e a $g 0

Record 10
