LDR  01140cam  2200301 i 45  
001  14441730-B
005  19910823000000.0
008  800306m19799999gw       b    00010 ger  
010       $a 79392002
020       $a 3766690531 (v. 2)
100  1    $a Loretz, Oswald.
245  14   $a Die Psalmen : $b Beitr. d. Ugarit-Texte zum Verstèandnis von Kolometrie u. Textologie d. Psalmen / $c Oswald Loretz.
260  0    $a Kevelaer : $b Butzon und Becker ; $a Neukirchen-Vluyn : $b Neukirchener Verlag, $c 1979-
300       $a v. ; $c 22 cm.
490  1    $a Alter Orient und Altes Testament ; $v Bd. 207.
500       $a GTU MONO: 1ST INPUT 934 $a BEGINS WITH 'V.'; OUTPUT TO 852 $3 OF 1ST 852 ONLY; IGNORE 2ND $a; IGNORE 2ND 934  (04/02).
505  1    $a T. 2. Psalm 90-150.
630  00   $a Bible. $p O.T. $p Psalms $x Criticism, Textual.
650   0   $a Cuneiform inscriptions, Ugaritic.
830   0   $a Alter Orient und Altes Testament ; $v Bd. 207.
901       $a GTUb11500098 $b gtu   $c -
902       $a 921019
920       $a BS1430.2 $b .L67 $l gtu $l grar $l gref
920       $u v.2
934       $a v.2. $a #80 (1ST 934, 2ND $A)
934       $a v.3-4 (2ND 934)
998       $s 9610
999       $b 1 $c 920207 $d m $e a $g 4

Record 11
