LDR  00959cam  2200277 i 45  
001  14519658-B
005  19910823000000.0
008  800311m19641973nyu           üüüüü eng  
010       $a 64003132
040       $c CSt $d CBGTU
245  00   $a New theology / $c edited by Martin E. Marty and Dean G. Peerman.
260  0    $a New York : $b Macmillan, $c c1964-1973.
300       $a 10 v. ; $c 19 cm.
500       $a Consists of reprints from various religious journals.
500       $a GTU MONO: 2ND $a OF 1ST 934 FIELD CONTAINS "HAS V" - OUTPUT TO 852 $3 OF 1ST 852; IGNORE 1ST $a; IGNORE 2ND 934 (04/02).
650   0   $a Theology.
650   0   $a Christianity $y 20th century.
700  10   $a Marty, Martin E., $d 1928-
700  10   $a Peerman, Dean G.
901       $a GTUb11500384 $b multi $c -
902       $a 920817
920       $a BR53 $b .N5 $l gtu $l sfts
934       $a 20 (1st $a) $a SFTS has v. 2-18 (2nd $a)
934       $a GTU has v. 1 (2ND 934) $a 20 (2ND $A)
998       $s 9666
999       $b 2 $c 920207 $d m $e a $g 0

Record 12
