LDR  01880cas  2200409   45  
001  030-S
005  19910823000000.0
008  800403c19079999njutn p       ü  ü 0eng  
010       $a 11000958 /ca
022       $a 0032-8413
040       $c MUL $d MBTI $d NSDP $d DLC $d CBGTU
042       $a nsdp $a lc
043       $a n-us-nj
222  04   $a The Princeton Seminary bulletin.
245  04   $a The Princeton Seminary bulletin.
260  00   $a [Princeton, N.J., $b Princeton Theological Seminary], $c 1907-
265       $a Princeton Seminary Bulletin, Princeton, NJ 08540.
300       $a v. in $c 23-28 cm.
310       $a Frequency varies: three or four issues yearly.
362  0    $a Vol. 1, no.1 (May 1907)-v.68, no. 3 (winter 1976); new ser. v. 1, no. 1 ([winter] 1977)-
500       $a GTU: OUTPUT ALL 590 NOTES AS 852 $x'S FOR ALL 852'S (04/02).
520       $a One issue of each vol. is the academic catalog of the Seminary, 1907-76.
590       $a Index for v.56(1962)-68(1976) and v.1(1977)-12(1991) (590 FLD)
590       $a Index for v.1-55 (old series) is stored in Archive (590 FLD)
590       $a Vol 1. no 1 in Archive (590 FLD)
590       $a One copy at SFTS Reference Desk (590 FLD)
610  20   $a Princeton Theological Seminary.
710  20   $a Princeton Theological Seminary.
785       $a Princeton seminary bulletin (new series)
901       $a GTUb11552906 $b sfts  $c -
902       $a 930324
920       $a BV4070 $b .P712 $l sfts $l gtu $l gref
920       $a BV4070 $b .P712
950       $b rl $b GTU-S has v.44:2 (1950), v.47-48 (1953/55), v.50:2 (1956), v.55:3-4 (1962), v.58-61 (1964/65-1967/68), v.62:4 (1969), v.63:2-4 (1970), v.65:1-2,4 (1972), v.66- (1973/74- ) $b Vol. 66
950       $b GTU has v.44:2 (1950), v.47-48 (1953/55), v.50:2 (1956), v.55:3-4 (1962), v.58-61 (1964/1965-1967/68), v.62:4 (1969), v.63:2-4 (1970), v.65:1-2,4 (1972), v.66- (1973/74- )
998       $s 9110
999       $b 2 $c 920207 $d s $e a $g 4

Record 13
