LDR  01516cas  2200385 a 45  
001  0313-S
005  19910823000000.0
008  810403d19011974enkuuz   b    0uuua0eng  
010       $a 68088411 //r75
022       $a 0084-2753
035       $a GTUL
035       $a HARR
035       $a UCB13430683
035       $a S453
040       $c NIC $d DLC $d NSDP $d OCL $d CBGTU
042       $a lc $a nsdp
043       $a e-uk---
222  00   $a Writings on British history.
245  00   $a Writings on British history.
260  01   $a London : $b Jonathan Cape for the Royal Historical Society, $c 1937-1986.
300       $a 27 v. ; $c 24 cm.
362  0    $a 1901/1933-1973/1974.
500       $a "A bibliography of books and articles on the history of Great Britain ... with an appendix containing a select list of publications."
500       $a GTU PE: REC HAS "LATEST" NOTE IN 2ND $b IN 1ST 950, BUT NO HOLDINGS INFO IN 1ST 950. OUTPUT "LATEST" IN $m OF 1ST 852. DO NOT OUTPUT DEFAULT HOLDINGS NOTE FOR 1ST 852.  OUTPUT DEFAULT HOLDINGS FOR OTHER 852'S (04/02).
651   0   $a Great Britain $x History $x Bibliography.
710  20   $a University of London. $b Institute of Historical Research.
710  21   $a Royal Historical Society (Great Britain)
785  14   $t Annual bibliography of British and Irish History.
901       $a GTUb11552955 $b gref  $c -
902       $a 920921
920       $a Z2016 $b .W74 $l gref $l sref $l gper
950       $b GTU-S: v. 4, 5th ed. $b GTU keeps latest edition at Ref Desk
950       $b GTU: v. 5 only
998       $s 9110
999       $b 4 $c 920207 $d s $e a $g 0

Record 15
