LDR  00903eas  2200301   45  
001  039-S
005  19910823000000.0
008  800903c19689999nyu ü1p       0uuua0eng d
010       $a 79005001 /sn
022  0    $a 0161-2360
040       $a NSDP $d CBGTU $d CStRLIN
042       $a nsdp
222  00   $a World Goodwill commentary.
245  00   $a World Goodwill commentary.
260  00   $a New York, $b World Goodwill, $c 1968-
300       $a no. ; $c 22 cm.
362  0    $a No. 1 (Sept. 1968)-
500       $a GTU: CALL NUM CONSISTS OF MULT 920 $a'S, NO $b; OUTPUT AS SINGLE 852 $j (04/02).
650   0   $a Peace $x Periodicals.
710  20   $a World Goodwill.
901       $a GTUb11553108 $b gtu   $c -
902       $a 930422
920       $a JX1901 (920 $a) $a .W67 (2ND $a) $a .XT1 (3RD $a) $l gtu
920       $u no.11-17 1978-84
920       $u no.1-10 1968-76
950       $b *** GTU has no.1 (Sept. 1968)-
998       $s 9661
999       $b 1 $c 920207 $d s $e a $g 0

Record 16
