LDR  00940cam  2200241 i 45  
001  14522497-B
005  19910823000000.0
008  800311s1868    ie g          00100 eng d
040       $a CBGTU $c CBGTU
245  00   $a Church hymnal : $b with appropriate tunes.
250       $a 7th ed.
260  0    $a Dublin : $b Association for Discountenancing Vice and Promoting the Knowledge and Practice of the Christian Religion, $c 1868.
300       $a xx, 371 p. : $b music ; $c 19 cm.
500       $a GTU: CALL NUM IN 1ST 920 CONSISTS OF 920 $b, NO $a - OUTPUT AS 852 $j; IGNORE 2ND 920 (04/02).
610  20   $a Church of Ireland $x Hymns.
650   0   $a Hymns, English.
710  21   $a Association for Discountenancing Vice and Promoting the Knowledge and Practice of the Christian Religion.
901       $a GTUb1150044x $b gtu   $c -
902       $a 920401
920       $b M2136 .C56 1868 (1ST 920 $b) $l gtu
920       $a M2136 $b .C56 1868 $l gref
998       $s 9116
999       $b 1 $c 920207 $d m $e a $g 0

Record 17
