LDR  00915cam  2200289 i 45  
001  14500795-B
005  19910823000000.0
008  800310s1979    nyua     b    00100 eng  
010       $a 78027224
020       $a 0306401029
040       $d CBGTU
245  00   $a Mind/body integration : $b essential readings in biofeedback / $c edited by Erik Peper, Sonia Ancoli, and Michele Quinn.
260  0    $a New York : $b Plenum Press, $c c1979.
300       $a xx, 586 p. : $b ill. ; $c 26 cm.
500       $a GTU: NO LOCATION IN 1ST 920, IGNORE 2ND 920. NO 852 OUTPUT - REJECT (07/06).
650   0   $a Biofeedback training.
650   0   $a Psychotherapy.
650   0   $a Medicine, Psychosomatic.
700  10   $a Peper, Erik.
700  10   $a Ancoli, Sonia.
700  10   $a Quinn, Michele.
901       $a GTUb11500256 $b gtu   $c -
902       $a 920401
920       $a BF319.5.B5 $b M55
920       $a BF319.5.B5 $b M55 $l gtu
998       $s 9610
999       $b 1 $c 920207 $d m $e a $g 0

Record 18
