LDR  00906cas  2200241   45  
001  037-S
005  19910823000000.0
008  800703c19659999caumx p       0  0a0eng d
040       $a CBGTU $c CBGTU
245  00   $a Evangelion.
260  01   $a Berkeley, Calif. : $b Community Association, Pacific School of Religion, $c 1965-
265       $a Community Association, Pacific School of Religion, 1798 Scenic Ave., Berkeley, Calif. 94709.
300       $a v. in   : $b ill. ; $c 29 cm.
310       $a Irregular monthly, except July-Sept.
362  0    $a Vol. 1, no. 1 (Nov. 1965)-
500       $a GTU: NO 920 IN RECORD, NO 852 OUTPUT, REJECT (07/06).
610  20   $a Pacific School of Religion (Berkeley, Calif.) $x Periodicals.
710  20   $a Pacific School of Religion (Berkeley, Calif.). $b Community Association.
780  02   $t i.e. (Berkeley)
901       $a GTUb1155308x $b grar $c -
902       $a 930104
998       $s 9616
999       $b 2 $c 920207 $d s $e a $g 0

Record 20
