LDR  01058cas  2200313   45  
001  043-S
005  19910823000000.0
008  810204c19639999dcuqr p a    f0uuua0eng  
010       $a 80640838
040       $d CBGTU
042       $a lc
245  04   $a The Christian socialist.
260  01   $a [London, $b L. Hatts, etc.]
300       $a no. $b ill. $c 21-44 cm.
310       $a Quarterly, $b Jan. 1972-
321       $a Bimonthly, $b 1963-71.
362  0    $a No. 15 (June 1963)-
500       $a GTU PE: NO 950 FLD - OUTPUT DEFAULT HOLDINGS NOTE IN ALL 852'S (04/02)
500       $a 902 FIELD BEGINS WITH "0" - ADD "20" TO BEGINNING & OUTPUT IN 005 AS MARC 21 STANDARD FORMAT.
550  0    $a Nos. for 1963-   issued by the Christian Socialist Movement.
650   0   $a Socialism, Christian $x Periodicals.
710  20   $a Christian Socialist Movement.
780  00   $a Christian Socialist Movement. $t CSM news.
901       $a GTUb11553182 $b gper  $c -
902       $a 001012
920       $a Periodical SIZE ff $l gper $l gtu
920       $a HD17.E6 (2ND 920, IGNORE)
998       $s 9110
999       $b 1 $c 920207 $d s $e a $g 4

Record 21
