LDR  01108cas  2200289   45  
001  053-S
005  19910823000000.0
008  800805d19731977ii qr p       ü  ü 0eng  
010       $a 75642830
040       $d CBGTU
042       $a lc
043       $a a-ii---
245  00   $a Spiritual India.
260  00   $a Delhi : $b A. K. Krishna Nambiar, $c 1973-1977.
300       $a 5 v. : $b ill. ; $c 25 cm.
362  0    $a [v. 1, no. 1] ([Jan.] 1973)-v. 5, no. 2 (Apr. 1977)
500       $a GTU PE: ONE 950 WITH MULT $b'S - OUTPUT ONLY 1ST $b WITH HOLDINGS TO 852 $3 OF 1ST 852; OUTPUT DEFAULT NOTE IN OTHER 852 $3'S (04/02).
500       $a OUTPUT 1ST 950 $b WITH "CURRENT/LATEST" INFO TO 852 $m OF 1ST 852 ONLY.
651   0   $a India $x Religion $x Periodicals.
785  00   $a Spiritual India and Kundalini.
901       $a GTUb11553364 $b gper  $c -
902       $a 930202
920       $a Periodical $l gper $l gtu
920       $a Periodical $u v.1-5 1973-1977 inc
950       $b ONE COPY LOST $b *** GTU has v.1-4 bd. (1974-1981) $b CURRENT ISSUE IN LIBRARIAN'S DESK $b GTU-REF HAS V. 15 (IGNORE) $b LATEST VOL STOLEN (IGNORE)
998       $s 9110
999       $b 1 $c 920207 $d s $e a $g 0

Record 23
