LDR  01322cas  2200337   45  
001  060-S
005  19910823000000.0
008  810106c19489999oncax p       ü  ü 0eng d
010       $a cn 75031289
022       $a 0082-786X
040       $a CaOONL $b eng $c CaOONL $d CBGTU
042       $a nlc $a isds/c
043       $a n-cn---
110  2    $a United Church of Canada. $b Committee on Archives.
222  00   $a Bulletin - Committee on Archives of the United Church of Canada.
260  00   $a Toronto, $b United Church Pub. House, $c 1948-
265       $a United Church Archives, Victoria University, 73 Queen's Park Crescent East, Toronto, Ont. M5S 2C4.
300       $a no. $c 23 cm.
362  1    $a Began publication in 1948.
500       $a GTU: NO 245 FIELD - OUTPUT ERROR FIELD (04/02).
555       $a Nos. 1-14 (1948-1961) öiön no. 14.
580       $a No. 26 (1977) issued combined with vol. 19, no. 1-2 (Mar./June 1977) of Journal of the Canadian Church Historical Society ISSN 0008-3208.
610  20   $a United Church of Canada $x History $x Periodicals.
710  20   $a Victoria University (Toronto, Ont.)
787  1    $t Journal of the Canadian Church Historical Society $g 1977 $x 0008-3208.
901       $a GTUb11553431 $b gtu   $c -
902       $a 930429
920       $a CD3620 $b .U5 $l gtu
950       $b GTU has 19th Edition
998       $s 9110
999       $b 1 $c 920207 $d s $e a $g 4

Record 24
LDR  01033cXX  2200313   45  
001  070-S
005  19910823000000.0
008  800407c19669999nyuqr p       ü  ü 0eng  
010       $a 73646585
022       $a 0001-8449
040       $d NSDP $d DLC $d CBGTU
042       $a lc $a nsdp
222  00   $a Adolescence.
260  00   $a [Roslyn Heights, N.Y.] $b Libra Publishers, $c 1966.
265       $a P.O. Box 165, 391 Willets Rd., 11577.
300       $b ill. $c 23 cm.
362  0    $a Vol. 1- (Spring 1966)-     = no. 1-
500       $a GTU: 901 $c = "d"; REC HAS NO 245, NO 902, UNKNOWN TYPE, BIBLVL, LOC CODE - OUTPUT DELETE REC; USE FILE DATE FOR 005 FIELD; DO NOT OUTPUT 998 ERR FLDS (04/02).
510  0    $a Education index $x 0013-1385.
650   0   $a Youth $x Periodicals.
650   0   $a Adolescence $x Periodicals.
650   0   $a Adolescent psychology $x Periodicals.
901       $a GTUb11553509 $b sfts  $c d
920       $a HQ793 $b .A44 $l XXXX
920       $a HQ793 $b .A44
920       $a HQ793 $b .A44
950       $b SFTS has vol 1-20
998       $s 9110
999       $b 2 $c 920207 $d s $e a $g 0

Record 25
