LDR  00839cas  2200277 a 45  
001  086-S
005  19910823000000.0
008  800808d19uu1973enkar p       0 uua0engüd
040       $a CBGTU $c CBGTU
110  2    $a Alcuin Club.
245  10   $a Report.
260  00   $a [London : $b The Club, $c 19--]-1973.
300       $a v. ; $c 22 cm.
362  0    $a [19--]-1972/73.
500       $a GTU: NO 901 FLD, CAN'T DETERMINE SOURCE - REJECT (04/02).
650   0   $a Liturgics $x Church of England $x Periodicals.
700  11   $a Wand, J. W. C. $q (John William Charles), $d 1885- . $t Anglican eucharistic theology in the twentieth century.
785  00   $a Alcuin Club. $t Alcuin.
902       $a 921125
920       $a BX5141.A1 $b A55 $l gtu
920       $u 1972/73
920       $u 1971/72
920       $u 1970/71
950       $b GTU has 1970/71-1972/73
998       $s 9116
999       $b 1 $c 920207 $d s $e a $g 0

Record 27
