LDR  00776nam  2200217uü 45  
001  89-B3756
005  19910823000000.0
008  890621s1936    ne üüüü üüüü üüüüü0üdut ü
040       $a CBGTU $c CBGTU
100  1    $a Zuidema, Sytse Ulbe, $d 1906-
245  13   $a De philosophie van Occam in zijn Commentar op de Sententièen. $b Supplement (Citaten)
260  0    $a Hilversum, $b Schipper $c [1936]
300       $a 399 p. $c 24 cm.
500       $a GTU: 2ND OF 3 LOCS IS "gts"; IGNORE & OUTPUT 2 852 FIELDS (04/02).
600  00   $a William, $c of Ockham, $d ca. 1285-ca. 1349.
600  00   $a Peter Lombard, $c Bishop of Paris, $d ca. 1100-1160. $t Sententiarum libri IV.
901       $a GTUb10004531 $b multi $c -
902       $a 920326
920       $a B765.O34 $b Z8 suppl $l sfts $l gts $l gtu
998       $s 9664
999       $b 1 $c 920207 $d m $e a $g 3

Record 28
