LDR  00696nam  2200229 i 45  
001  89-B3302
005  19910823000000.0
008  890609s1975    gw       b    00000 ger  
010       $a 75516418
020       $a 3791704222 :
040       $d CBGTU
245  00   $a Aktualitèat der Scholastik? / $c mit Beitr. von H. M. Barth ... [et al.] ; hrsg. von Joseph Ratzinger.
260  0    $a Regensburg : $b Pustet, $c 1975.
300       $a 127 p. ; $c 21 cm.
500       $a GTU: RECORD HAS LOC "gts" ONLY - NO 852 CREATED, REJECT (07/06.
650   0   $a Scholasticism.
700  10   $a Ratzinger, Joseph.
901       $a GTUb10000033 $b multi $c -
902       $a 920326
920       $a B734 $b .A48 $l gts
998       $s 9110
999       $b 1 $c 920207 $d m $e a $g 0

Record 29
