LDR  01002nXm  2200253u  45  
001  89-B3303
005  19910823000000.0
008  890609s1951    it c          10010 lat d
040       $c NIC $d CStRLIN $d CBGTU
111  2    $a Congressus Scotisticus Internationalis $n (1st : $d 1950 : $c Rome, Italy)
245  10   $a Scholastica ratione historico-critica instauranda. $b Acta Congressus Scholastici Internationalis Romae anno sancto MCML celebrati.
260  0    $a Romae, $b Pontificium Athenaeum Antonianum, $c 1951.
300       $a xxiii, 668 p. $b group ports. $c 22 cm.
490  1    $a Bibliotheca Pontificii Athenaei Antoniani, $v 7.
500       $a GTU: UNKNOWN TYPE - OUTPUT ERROR FIELD (04/02).
600  20   $a Duns Scotus, John, $d ca. 1266-1308.
650   0   $a Scholasticism $x Congresses.
650   0   $a Philosophy, Medieval.
830   0   $a Bibliotheca Pontificii Athenaei Antoniani ; $v 7.
901       $a GTUb10000045 $b multi $c -
902       $a 920326
920       $a B734 $b .C6 $l gtu $l gts $l sfts $l grar
998       $s 9665
999       $b 1 $c 920207 $d m $e a $g 0

Record 30
