LDR  00734naX  2200229 a 45  
001  89-B3300
005  19910823000000.0
008  890609s1904    gw       b    00010 gerüd
040       $a CBGTU $c CBGTU
045       $a e3k0
100  1    $a Dobschèutz, Ernst von, $d 1870-1934.
245  10   $a Probleme des apostolischen Zeitalters / $c von Ernst von Dobschèutz.
260  0    $a Leipzig : $b J.C. Hinrichs, $c 1904.
300       $a 138 p. ; $c 24 cm.
500       $a GTU: UNKNOWN BIBLVL - CREATE ERROR FIELD (04/02).
504       $a Includes bibliographical references.
650   0   $a Church history $y Early church, ca. 30-600.
901       $a GTUb1000001x $b multi $c -
902       $a 931213
920       $a BR165 $b .D58 1904 $l gtu $l sfts
998       $s 9114
999       $b 2 $c 920207 $d m $e a $g 0

Record 31
