LDR  00725nam  2200253   45  
001  89-B3301
005  19910823000000.0
008  890609s1973    ne f     b    00100 fre  
010       $a 74159490 //r84
020       $a 9025606067
041  0    $a frelat
043       $a e-fr---
100  1    $a Jeauneau, Edouard.
245  10   $a "Lectio philosophorum"; $b recherches sur l'âEcole de Chartres.
260  0    $a Amsterdam, $b A. M. Hakkert, $c 1973.
300       $a xvi, 395 p. $b plates. $c 23 cm.
500       $a GTU: UNKNOWN LOC CODE - CREATE ERROR FIELD (04/02).
650   0   $a Philosophy, Medieval.
650   0   $a Platonists.
901       $a GTUb10000021 $b gtu   $c -
902       $a 920326
920       $a B732 $b .J4 $l XXX
998       $s 9110
999       $b 1 $c 920207 $d m $e a $g 0

Record 32
