LDR  01148nam  2200277Ia 45  
001  4297491
003  OCoLC
005  20010921130434.0
007  heubmu---bacu
008  781017r19771849enk     b     000 0 eng d
040       $a PTS $c PTS
049       $a GTXA
100  1    $a Hare, Julius Charles, $d 1795-1855.
245  10   $a Thou shalt not bear false witness against thy neighbour  $h [microform]: $b a letter to the Editor of the English Review / $c by Julius Charles Hare ; with a letter from Professor Maurice to the author.
260       $a London : $b J. W. Parker, $c 1849.
300       $a 76 p. ; $c 21 cm.
500       $a GTU: NO RECORD ID NUMBER IN 901 $a - REJECT (07/02).
533       $a Microfiche. $b Louisville, Ky. : $c Lost Cause Press, $d 1977; $e 2 microfiches : negative $f (Literature of theology and church history)(A-58,372 LCP - A-58,373 LCP)
600  10   $a Sterling, John, $d 1806-1844.
610  20   $a Church of England $x Doctrinal and controversial works.
630  00   $a English Review.
700  1    $a Maurice, Frederick Denison, $d 1805-1872.
901       $a GTUb $b gtu   $c -
902       $a 020506
999       $b 2 $c 010921 $d m $e h $g 0
920       $a Mfiche cab LTCH $b Hare Julius Thou $l gtu

Record 33
