LDR  00991nas  2200349 a 45  
001  CGTT98-S347
003  CStRLIN
005  19980227132816.0
008  980227c1974uuuucauqr1p       0  |a0eng d
010       $a sn 84009837
022  1    $a 0742-8820
040       $a NSDP $c NSDP $d DLC $d CBGTU
042       $a nsdp
090       $f mhb
222   4   $a The White light.
245  04   $a The White light.
260       $a Pasadena, CA : $b Temple of Truth,
300       $a v. : $b ill. ; $c 22 cm.
310       $a Quarterly.
362       $a Vol. 1, no. 1 (Fall 1974)-
500       $a GTU PE: 901 $C = 't'; CHANGE STATUS TO 'd' AND OUTPUT (02/03).
525       $a Index: v. 1-10, in 1 vol.
650   0   $a Magic $x Periodicals.
650   0   $a Occultism $x Periodicals.
710  2    $a Temple of Truth (Pasadena, Calif.)
901       $a GTUb10818182 $b gper  $c t
902       $a 020503
999       $b 1 $c 980227 $d s $e a $g 4
920       $a Periodical $l gper
998       $s 9110
920       $u v.Index v.1-10 1974/75-1983/84
920       $u v.v.2-9 1975/76-1982

Record 41
